@article{ChangPreparationAndChar2014,
    author    = {Liu, Ching-Wen and Chang, Li-Ching and Lin, Kai-Jen and Yu, Tsan-Jung and Tsai, Ching-Chung and Wang, Hao-Kuang and Tsai, Tong-Rong},
    title     = {Preparation and characterization of gelatin-based mucoadhesive nanocomposites as intravesical gene delivery scaffolds},
    journal   = {BioMed research international},
    %volume   = {2014},
    %number   = {},
    %pages    = {},
    year      = {2014},
    %month    = {},
    %note     = {},
}

@article{Hong2020ProteinBasedNanoparticles,
    author    = {Hong, Seyoung and Choi, Dong Wook and Kim, Hong Nam and Park, Chun Gwon and Lee, Wonhwa and Park, Hee Ho},
    title     = {Protein-based nanoparticles as drug delivery systems},
    journal   = {Pharmaceutics},
    %volume   = {12},
    %number   = {},
    %pages    = {},
    year      = {2020},
    %month    = {},
    %note     = {},
}

@article{Xing2014IncreasingMechanicalStrength,
    author    = {Xing, Qi and Yates, Keegan and Vogt, Caleb and Qian, Zichen and Frost, Megan C and Zhao, Feng},
    title     = {Increasing mechanical strength of gelatin hydrogels by divalent metal ion removal},
    journal   = {Scientific reports},
    %volume   = {4},
    %number   = {},
    %pages    = {},
    year      = {2014},
    %month    = {},
    %note     = {},
}

@article{Farris2010AlternativeRecationMechanism,
    author    = {Farris, Stefano and Song, Jianhui and Huang, Qingrong},
    title     = {Alternative reaction mechanism for the cross-linking of gelatin with glutaraldehyde},
    journal   = {Journal of agricultural and food chemistry},
    %volume   = {58},
    %number   = {},
    %pages    = {},
    year      = {2010},
    %month    = {},
    %note     = {},
}

@article{Cascone2002GelatinNanoparticlesWOemul,
    author    = {Cascone, Maria Grazia and Lazzeri, Luigi and Carmignani, Claudia and Zhu, Zhouhai},
    title     = {Gelatin nanoparticles produced by a simple W/O emulsion as delivery system for methotrexate},
    journal   = {Journal of materials science. Materials in medicine},
    %volume   = {13},
    %number   = {},
    %pages    = {},
    year      = {2002},
    %month    = {},
    %note     = {},
}

@article{Zhang2019GelatinCages,
    author    = {Xiaomin Zhang and Giuseppina Simone},
    title     = {Gelatin cages: The formation and characterization of carriers for housing catalyst cargoes},
    journal   = {Chemical Engineering Journal},
    %volume   = {356},
    %number   = {},
    %pages    = {},
    year      = {2019},
    %month    = {},
    %note     = {},
}

@article{Chen2013,
    %doi = {10.1007/bf03354852},
    %url = {https://doi.org/10.1007/bf03354852},
    year = {2013},
    %month = mar,
    %publisher = {Springer Science and Business Media {LLC}},
    %volume = {5},
    %number = {1},
    %pages = {66--80},
    author = {Jingdong Chen and Di Chen and Yao Xie and Tao Yuan and Xiang Chen},
    title = {Progress of microfluidics for biology and medicine},
    journal = {Nano-Micro Letters},
}

@article{Scheler2019,
  %doi = {10.1016/j.copbio.2018.08.004},
  %url = {https://doi.org/10.1016/j.copbio.2018.08.004},
  year = {2019},
  %month = feb,
  %publisher = {Elsevier {BV}},
  %volume = {55},
  %pages = {60--67},
  author = {Ott Scheler and Witold Postek and Piotr Garstecki},
  title = {Recent developments of microfluidics as a tool for biotechnology and microbiology},
  journal = {Current Opinion in Biotechnology}
}

@article{Rabiee2021,
 % doi = {10.2217/nnm-2020-0353},
 % url = {https://doi.org/10.2217/nnm-2020-0353},
  year = {2021},
 % month = feb,
  %publisher = {Future Medicine Ltd},
  %volume = {16},
  %number = {3},
  %pages = {237--258},
  author = {Navid Rabiee and Sepideh Ahmadi and Yousef Fatahi and Mohammad Rabiee and Mojtaba Bagherzadeh and Rassoul Dinarvand and Babak Bagheri and Payam Zarrintaj and Mohammad Reza Saeb and Thomas J Webster},
  title = {Nanotechnology-assisted microfluidic systems: from bench to bedside},
  journal = {Nanomedicine}
}

@article{Selimovi2013,
 % doi = {10.1016/j.coph.2013.06.005},
 % url = {https://doi.org/10.1016/j.coph.2013.06.005},
  year = {2013},
  %month = oct,
  %publisher = {Elsevier {BV}},
  %volume = {13},
  %number = {5},
  %pages = {829--833},
  author = {{\v{S}}eila Selimovi{\'{c}} and Mehmet R Dokmeci and Ali Khademhosseini},
  title = {Organs-on-a-chip for drug discovery},
  journal = {Current Opinion in Pharmacology}
}

@article{Pinto2014,
 % doi = {10.3390/mi6010121},
 % url = {https://doi.org/10.3390/mi6010121},
  year = {2014},
 % month = dec,
  %publisher = {{MDPI} {AG}},
  %volume = {6},
  %number = {1},
  %pages = {121--135},
  author = {Elmano Pinto and Vera Faustino and Raquel Rodrigues and Diana Pinho and Valdemar Garcia and Jo{\~{a}}o Miranda and Rui Lima},
  title = {A rapid and low-cost nonlithographic method to fabricate biomedical microdevices for blood flow analysis},
  journal = {Micromachines}
}


@article{Nge2013,
 % doi = {10.1021/cr300337x},
 % url = {https://doi.org/10.1021/cr300337x},
  year = {2013},
 % month = feb,
  %publisher = {American Chemical Society ({ACS})},
  %volume = {113},
  %number = {4},
  %pages = {2550--2583},
  author = {Pamela N. Nge and Chad I. Rogers and Adam T. Woolley},
  title = {Advances in microfluidic materials,  functions,  integration,  and applications},
  journal = {Chemical Reviews}
}

@article{Atencia2004,
 % doi = {10.1038/nature04163},
 % url = {https://doi.org/10.1038/nature04163},
  year = {2004},
%  month = sep,
  %publisher = {Springer Science and Business Media {LLC}},
  %volume = {437},
  %number = {7059},
  %pages = {648--655},
  author = {Javier Atencia and David J. Beebe},
  title = {Controlled microfluidic interfaces},
  journal = {Nature}
}

@article{Stone2004,
  %doi = {10.1146/annurev.fluid.36.050802.122124},
  %url = {https://doi.org/10.1146/annurev.fluid.36.050802.122124},
  year = {2004},
 % month = jan,
  %publisher = {Annual Reviews},
  %volume = {36},
  %number = {1},
  %pages = {381--411},
  author = {H.A. Stone and A.D. Stroock and A. Ajdari},
  title = {Engineering flows in small devices},
  journal = {Annual Review of Fluid Mechanics}
}

@article{Pit2015,
  %doi = {10.3390/mi6111455},
 % url = {https://doi.org/10.3390/mi6111455},
  year = {2015},
 % month = nov,
  %publisher = {{MDPI} {AG}},
  %volume = {6},
  %number = {11},
  %pages = {1768--1793},
  author = {Arjen Pit and Mich{\`{e}}l Duits and Frieder Mugele},
  title = {Droplet manipulations in two phase flow microfluidics},
  journal = {Micromachines}
}

@article{Jeevanandam2018,
  %doi = {10.3762/bjnano.9.98},
  %url = {https://doi.org/10.3762/bjnano.9.98},
  year = {2018},
 % month = apr,
  %publisher = {Beilstein Institut},
  %volume = {9},
  %pages = {1050--1074},
  author = {Jaison Jeevanandam and Ahmed Barhoum and Yen S Chan and Alain Dufresne and Michael K Danquah},
  title = {Review on nanoparticles and nanostructured materials: history,  sources,  toxicity and regulations},
  journal = {Beilstein Journal of Nanotechnology}
}

@article{Bayda2019,
 % doi = {10.3390/molecules25010112},
 % url = {https://doi.org/10.3390/molecules25010112},
  year = {2019},
%  month = dec,
  %publisher = {{MDPI} {AG}},
  %volume = {25},
  %number = {1},
  %pages = {112},
  author = {Samer Bayda and Muhammad Adeel and Tiziano Tuccinardi and Marco Cordani and Flavio Rizzolio},
  title = {The history of nanoscience and nanotechnology: From chemical--physical applications to nanomedicine},
  journal = {Molecules}
}

@article{SHARMA2021,
  %doi = {10.22159/ijap.2021v13i1.39032},
  %url = {https://doi.org/10.22159/ijap.2021v13i1.39032},
  year = {2021},
 % month = jan,
  %publisher = {Innovare Academic Sciences Pvt Ltd},
  %pages = {95--102},
  author = {Isha Sharma and Monika Thakur and Shaveta Singh and Astha Tripathi},
  title = {Microfludic Devices as a tool for drug delivery and diagnosis: A review},
  journal = {International Journal of Applied Pharmaceutics}
}

@article{Lee2009,
  %doi = {10.1007/s10404-009-0412-y},
 % url = {https://doi.org/10.1007/s10404-009-0412-y},
  year = {2009},
 % month = may,
  %publisher = {Springer Science and Business Media {LLC}},
  %volume = {7},
  %number = {3},
  %pages = {431--438},
  author = {Woon Seob Lee and Sachin Jambovane and Duckjong Kim and Jong Wook Hong},
  title = {Predictive model on micro droplet generation through mechanical cutting},
  journal = {Microfluidics and Nanofluidics}
}

@article{Jensen2004,
 % doi = {10.1039/b403037k},
 % url = {https://doi.org/10.1039/b403037k},
  year = {2004},
  %publisher = {Royal Society of Chemistry ({RSC})},
  %volume = {4},
  %number = {4},
  %pages = {391},
  author = {Martin F. Jensen and John E. McCormack and Bjarne Helbo and Leif H. Christensen and Thomas R. Christensen and Oliver Geschke},
  title = {Rapid prototyping of polymer microsystems via excimer laser ablation of polymeric moulds},
  journal = {Lab on a Chip}
}

@article{Belder2005,
  %doi = {10.1002/anie.200500620},
  %url = {https://doi.org/10.1002/anie.200500620},
  year = {2005},
 % month = jun,
  %publisher = {Wiley},
  %volume = {44},
  %number = {23},
  %pages = {3521--3522},
  author = {Detlev Belder},
  title = {Microfluidics with droplets},
  journal = {Angewandte Chemie International Edition}
}

@article{carla2019,
  %doi = {10.1016/j.reactfunctpolym.2019.104314},
  %url = {https://doi.org/10.1016/j.reactfunctpolym.2019.104314},
  year = {2019},
  %month = dec,
  journal = {Elsevier {BV}},
  %volume = {145},
  %pages = {104314},
  author = {Carla B. Goy and Roberto E. Chaile and Rossana E. Madrid},
  title = {Microfluidics and hydrogel: A powerful combination}
}

@article{Kobayashi2007,
  %doi = {10.1016/j.colsurfa.2006.09.015},
  %url = {https://doi.org/10.1016/j.colsurfa.2006.09.015},
  year = {2007},
 % month = mar,
  journal = {Elsevier {BV}},
  %volume = {296},
  %number = {1-3},
  %pages = {285--289},
  author = {Isao Kobayashi and Kunihiko Uemura and Mitsutoshi Nakajima},
  title = {Formulation of monodisperse emulsions using submicron-channel arrays},
  journal = {Colloids and Surfaces A: Physicochemical and Engineering Aspects}
}

@incollection{Krsti2018,
 % doi = {10.1016/b978-0-12-813687-4.00012-8},
 % url = {https://doi.org/10.1016/b978-0-12-813687-4.00012-8},
  year = {2018},
  %publisher = {Elsevier},
  %pages = {473--508},
  author = {Marko Krsti{\'{c}} and {\DJ}or{\dj}e Medarevi{\'{c}} and Jelena {\DJ}uri{\v{s}} and Svetlana Ibri{\'{c}}},
  title = {Self-nanoemulsifying drug delivery systems ({SNEDDS}) and self-microemulsifying drug delivery systems ({SMEDDS}) as lipid nanocarriers for improving dissolution rate and bioavailability of poorly soluble drugs},
  booktitle = {Lipid Nanocarriers for Drug Targeting}
}

@article{Li2018,
 % doi = {10.1039/c7cs00263g},
 % url = {https://doi.org/10.1039/c7cs00263g},
  year = {2018},
  %publisher = {Royal Society of Chemistry ({RSC})},
  %volume = {47},
  number = {15},
  %pages = {5646--5683},
  author = {Wen Li and Liyuan Zhang and Xuehui Ge and Biyi Xu and Weixia Zhang and Liangliang Qu and Chang-Hyung Choi and Jianhong Xu and Afang Zhang and Hyomin Lee and David A. Weitz},
  title = {Microfluidic fabrication of microparticles for biomedical applications},
  journal = {Chemical Society Reviews}
}

@article{Shepherd2021,
  %doi = {10.1016/j.biomaterials.2021.120826},
  %url = {https://doi.org/10.1016/j.biomaterials.2021.120826},
  year = {2021},
 % month = jul,
  %publisher = {Elsevier {BV}},
  %volume = {274},
  %pages = {120826},
  author = {Sarah J. Shepherd and David Issadore and Michael J. Mitchell},
  title = {Microfluidic formulation of nanoparticles for biomedical applications},
  journal = {Biomaterials}
}
% @article{Bithi2015,
%   doi = {10.1039/c5sm01077b},
%   url = {https://doi.org/10.1039/c5sm01077b},
%   year = {2015},
%   publisher = {Royal Society of Chemistry ({RSC})},
%   volume = {11},
%   number = {25},
%   pages = {5122--5132},
%   author = {Swastika S. Bithi and Siva A. Vanapalli},
%   title = {Collective dynamics of non-coalescing and coalescing droplets in microfluidic parking networks},
%   journal = {Soft Matter}
% }

@article{Song2006,
 % doi = {10.1002/anie.200601554},
 % url = {https://doi.org/10.1002/anie.200601554},
  year = {2006},
 % month = nov,
  %publisher = {Wiley},
  %volume = {45},
  number = {44},
  %pages = {7336--7356},
  author = {Helen Song and Delai L. Chen and Rustem F. Ismagilov},
  title = {Reactions in droplets in microfluidic channels},
  journal = {Angewandte Chemie International Edition}
}

@article{Huebner2011,
 % doi = {10.1021/ac103234a},
 % url = {https://doi.org/10.1021/ac103234a},
  year = {2011},
 % month = jan,
  %publisher = {American Chemical Society ({ACS})},
  %volume = {83},
  number = {4},
  %pages = {1462--1468},
  author = {Ansgar M. Huebner and Chris Abell and Wilhelm T. S. Huck and Charles N. Baroud and Florian Hollfelder},
  title = {Monitoring a reaction at submillisecond resolution in picoliter volumes},
  journal = {Analytical Chemistry}
}

@article{Wang2016,
 % doi = {10.1103/physrevfluids.1.064001},
 % url = {https://doi.org/10.1103/physrevfluids.1.064001},
  year = {2016},
  %month = oct,
  %publisher = {American Physical Society ({APS})},
  %volume = {1},
  number = {6},
  author = {William S. Wang and Siva A. Vanapalli},
  title = {Mechanisms of mass transport during coalescence-induced microfluidic drop dilution},
  journal = {Physical Review Fluids}
}

@article{Bithi2010,
 % doi = {10.1063/1.3523053},
 % url = {https://doi.org/10.1063/1.3523053},
  year = {2010},
 % month = dec,
  %publisher = {{AIP} Publishing},
  %volume = {4},
  number = {4},
  %pages = {044110},
  author = {Swastika S. Bithi and Siva A. Vanapalli},
  title = {Behavior of a train of droplets in a fluidic network with hydrodynamic traps},
  journal = {Biomicrofluidics}
}

@article{Baroud2010,
  %doi = {10.1039/c001191f},
  %url = {https://doi.org/10.1039/c001191f},
  year = {2010},
  %publisher = {Royal Society of Chemistry ({RSC})},
  %volume = {10},
  number = {16},
  %pages = {2032},
  author = {Charles N. Baroud and Francois Gallaire and R{\'{e}}mi Dangla},
  title = {Dynamics of microfluidic droplets},
  journal = {Lab on a Chip}
}

@article{Leshansky2012,
 % doi = {10.1103/physrevlett.108.264502},
 % url = {https://doi.org/10.1103/physrevlett.108.264502},
  year = {2012},
 % month = jun,
  %publisher = {American Physical Society ({APS})},
  %volume = {108},
  number = {26},
  author = {A. M. Leshansky and S. Afkhami and M.-C. Jullien and P. Tabeling},
  title = {Obstructed breakup of slender drops in a microfluidic T-junction},
  journal = {Physical Review Letters}
}

@article{Hoang2013,
  %doi = {10.1017/jfm.2013.18},
 % url = {https://doi.org/10.1017/jfm.2013.18},
  year = {2013},
 % month = feb,
  %publisher = {Cambridge University Press ({CUP})},
  %volume = {717},
  author = {D. A. Hoang and L. M. Portela and C. R. Kleijn and M. T. Kreutzer and V. van Steijn},
  title = {Dynamics of droplet breakup in a T-junction},
  journal = {Journal of Fluid Mechanics}
}

@article{Bithi2014,
  %doi = {10.1063/1.4885079},
 % url = {https://doi.org/10.1063/1.4885079},
  year = {2014},
 % month = may,
  %publisher = {{AIP} Publishing},
  %volume = {8},
  number = {3},
  %pages = {034118},
  author = {Swastika S. Bithi and William S. Wang and Meng Sun and Jerzy Blawzdziewicz and Siva A. Vanapalli},
  title = {Coalescing drops in microfluidic parking networks: A multifunctional platform for drop-based microfluidics},
  journal = {Biomicrofluidics}
}

@article{Janssen2012,
  %doi = {10.1039/c2sm25812a},
  %url = {https://doi.org/10.1039/c2sm25812a},
  year = {2012},
  %publisher = {Royal Society of Chemistry ({RSC})},
  %volume = {8},
  number = {28},
  %pages = {7495},
  author = {P. J. A. Janssen and M. D. Baron and P. D. Anderson and J. Blawzdziewicz and M. Loewenberg and E. Wajnryb},
  title = {Collective dynamics of confined rigid spheres and deformable drops},
  journal = {Soft Matter}
}

@article{Bithi2015,
 % doi = {10.1039/c5sm01077b},
 % url = {https://doi.org/10.1039/c5sm01077b},
  year = {2015},
  %publisher = {Royal Society of Chemistry ({RSC})},
  %volume = {11},
  number = {25},
  %pages = {5122--5132},
  author = {Swastika S. Bithi and Siva A. Vanapalli},
  title = {Collective dynamics of non-coalescing and coalescing droplets in microfluidic parking networks},
  journal = {Soft Matter}
}

@article{Gu2011,
  %doi = {10.3390/ijms12042572},
  %url = {https://doi.org/10.3390/ijms12042572},
  year = {2011},
 % month = apr,
  %publisher = {{MDPI} {AG}},
  %volume = {12},
  number = {4},
  %pages = {2572--2597},
  author = {Hao Gu and Michel H. G. Duits and Frieder Mugele},
  title = {Droplets formation and merging in two-phase flow microfluidics},
  journal = {International Journal of Molecular Sciences}
}

@incollection{Sharma2012,
  %doi = {10.1007/978-1-62703-134-9_15},
  %url = {https://doi.org/10.1007/978-1-62703-134-9_15},
  year = {2012},
 % month = nov,
  %publisher = {Humana Press},
  %pages = {207--230},
  author = {Sanjiv Sharma and Monpichar Srisa-Art and Steven Scott and Amit Asthana and Anthony Cass},
  title = {Droplet-based microfluidics},
  booktitle = {Microfluidic Diagnostics}
}

@article{Zhu2017,
  %doi = {10.1039/c6lc01018k},
 % url = {https://doi.org/10.1039/c6lc01018k},
  year = {2017},
  %publisher = {Royal Society of Chemistry ({RSC})},
  %volume = {17},
  number = {1},
  %pages = {34--75},
  author = {Pingan Zhu and Liqiu Wang},
  title = {Passive and active droplet generation with microfluidics: a review},
  journal = {Lab on a Chip}
}

@article{Kim2013,
  %doi = {10.1021/la403220p},
  %url = {https://doi.org/10.1021/la403220p},
  year = {2013},
  %month = nov,
  %publisher = {American Chemical Society ({ACS})},
  %volume = {30},
  number = {6},
  %pages = {1473--1488},
  author = {Ju Hyeon Kim and Tae Yoon Jeon and Tae Min Choi and Tae Soup Shim and Shin-Hyun Kim and Seung-Man Yang},
  title = {Droplet microfluidics for producing functional microparticles},
  journal = {Langmuir}
}

@article{Zhu2019,
  %doi = {10.1111/1541-4337.12482},
  %url = {https://doi.org/10.1111/1541-4337.12482},
  year = {2019},
  %month = sep,
  %publisher = {Wiley},
  %volume = {18},
  number = {6},
  %pages = {1660--1675},
  author = {Qiaomei Zhu and Yijun Pan and Xin Jia and Jinlong Li and Min Zhang and Lijun Yin},
  title = {Review on the stability mechanism and application of water-in-oil emulsions encapsulating various additives},
  journal = {Comprehensive Reviews in Food Science and Food Safety}
}
@inproceedings{Yin2014,
 % doi = {10.1063/1.4895226},
 % url = {https://doi.org/10.1063/1.4895226},
  year = {2014},
  %publisher = {{AIP} Publishing {LLC}},
  author = {Ooi Shok Yin and Ishak Ahmad and Mohd. Cairul Iqbal Mohd Amin},
  title = {Synthesis of chemical cross-linked gelatin hydrogel reinforced with cellulose nanocrystals ({CNC})}
}


@article{Utech2015,
 % doi = {10.1002/adhm.201500021},
 % url = {https://doi.org/10.1002/adhm.201500021},
  year = {2015},
 % month = jun,
  %publisher = {Wiley},
  %volume = {4},
  number = {11},
  %pages = {1628--1633},
  author = {Stefanie Utech and Radivoje Prodanovic and Angelo S. Mao and Raluca Ostafe and David J. Mooney and David A. Weitz},
  title = {Microfluidic generation of monodisperse,  structurally homogeneous alginate microgels for cell encapsulation and 3D cell culture},
  journal = {Advanced Healthcare Materials}
}

@article{Liu2014,
 % doi = {10.1155/2014/473823},
 % url = {https://doi.org/10.1155/2014/473823},
  year = {2014},
  %publisher = {Hindawi Limited},
  %volume = {2014},
  %pages = {1--12},
  author = {Ching-Wen Liu and Li-Ching Chang and Kai-Jen Lin and Tsan-Jung Yu and Ching-Chung Tsai and Hao-Kuang Wang and Tong-Rong Tsai},
  title = {Preparation and characterization of gelatin-based mucoadhesive nanocomposites as intravesical gene delivery scaffolds},
  journal = {{BioMed} Research International}
}

@article{Patarroyo2020,
 % doi = {10.3390/polym12061287},
 % url = {https://doi.org/10.3390/polym12061287},
  year = {2020},
 % month = jun,
  %publisher = {{MDPI} {AG}},
  %volume = {12},
  %number = {6},
  %pages = {1287},
  author = {Jorge Luis Patarroyo and Juan Sebastian Florez-Rojas and Diego Pradilla and Juan D. Valderrama-Rinc{\'{o}}n and Juan C. Cruz and Luis H. Reyes},
  title = {Formulation and characterization of gelatin-Based hydrogels for the encapsulation of kluyveromyces lactis--Applications in packed-bed reactors and probiotics delivery in humans},
  journal = {Polymers}
}

@book{2020,
  %doi = {10.1007/978-981-15-4790-4},
  %url = {https://doi.org/10.1007/978-981-15-4790-4},
  year = {2020},
  publisher = {Springer Singapore},
  editor = {Pranjal Chandra and Lalit M. Pandey},
  title = {Biointerface engineering: Prospects in medical diagnostics and drug delivery}
}

@incollection{Rashid2019,
 % doi = {10.1007/978-3-319-77830-3_53},
 % url = {https://doi.org/10.1007/978-3-319-77830-3_53},
  year = {2019},
  %publisher = {Springer International Publishing},
  %pages = {1601--1641},
  author = {Taslim Ur Rashid and Sadia Sharmeen and Shanta Biswas and Tanvir Ahmed and Abul K. Mallik and Md. Shahruzzaman and Md. Nurus Sakib and Papia Haque and Mohammed Mizanur Rahman},
  title = {Gelatin-based hydrogels},
  booktitle = {Polymers and polymeric composites: A reference series}
}

@article{Choi2019,
  %doi = {10.2144/btn-2018-0083},
  %url = {https://doi.org/10.2144/btn-2018-0083},
  year = {2019},
  %month = jan,
  %publisher = {Future Science Ltd},
  %volume = {66},
  %number = {1},
  %pages = {40--53},
  author = {Jane Ru Choi and Kar Wey Yong and Jean Yu Choi and Alistair C Cowie},
  title = {Recent advances in photo-crosslinkable hydrogels for biomedical applications},
  journal = {{BioTechniques}}
}

@article{Saldin2017,
  %doi = {10.1016/j.actbio.2016.11.068},
  %url = {https://doi.org/10.1016/j.actbio.2016.11.068},
  year = {2017},
 % month = feb,
  %publisher = {Elsevier {BV}},
  %volume = {49},
  %pages = {1--15},
  author = {Lindsey T. Saldin and Madeline C. Cramer and Sachin S. Velankar and Lisa J. White and Stephen F. Badylak},
  title = {Extracellular matrix hydrogels from decellularized tissues: Structure and function},
  journal = {Acta Biomaterialia}
}

@article{PrezLuna2018,
 % doi = {10.3390/gels4030061},
 % url = {https://doi.org/10.3390/gels4030061},
  year = {2018},
 % month = jul,
  %publisher = {{MDPI} {AG}},
  %volume = {4},
  %number = {3},
  %pages = {61},
  author = {V{\'{\i}}ctor P{\'{e}}rez-Luna and Orfil Gonz{\'{a}}lez-Reynoso},
  title = {Encapsulation of biological agents in hydrogels for therapeutic applications},
  journal = {Gels}
}

@article{Nicodemus2008,
  %doi = {10.1089/ten.teb.2007.0332},
  %url = {https://doi.org/10.1089/ten.teb.2007.0332},
  year = {2008},
  %month = jun,
  %publisher = {Mary Ann Liebert Inc},
  %volume = {14},
  %number = {2},
  %pages = {149--165},
  author = {Garret D. Nicodemus and Stephanie J. Bryant},
  title = {Cell encapsulation in biodegradable hydrogels for tissue engineering applications},
  journal = {Tissue Engineering Part B: Reviews}
}

@article{Vasile2020,
  %doi = {10.3390/molecules25071539},
  %url = {https://doi.org/10.3390/molecules25071539},
  year = {2020},
  %month = mar,
  %publisher = {{MDPI} {AG}},
  %volume = {25},
  %number = {7},
  %pages = {1539},
  author = {Cornelia Vasile and Daniela Pamfil and Elena Stoleru and Mihaela Baican},
  title = {New developments in medical applications of hybrid hydrogels containing natural polymers},
  journal = {Molecules}
}

@article{Shintaku2006,
  %doi = {10.1007/s00542-006-0291-z},
  %url = {https://doi.org/10.1007/s00542-006-0291-z},
  year = {2006},
  %month = dec,
  %publisher = {Springer Science and Business Media {LLC}},
  %volume = {13},
  %number = {8-10},
  %pages = {951--958},
  author = {Hirofumi Shintaku and Takeo Kuwabara and Satoyuki Kawano and Takaaki Suzuki and Isaku Kanno and Hidetoshi Kotera},
  title = {Micro cell encapsulation and its hydrogel-beads production using microfluidic device},
  journal = {Microsystem Technologies}
}

@article{Zhang2016,
  %doi = {10.1039/c5lc01159k},
  %url = {https://doi.org/10.1039/c5lc01159k},
  year = {2016},
  %publisher = {Royal Society of Chemistry ({RSC})},
  %volume = {16},
  %number = {1},
  %pages = {10--34},
  author = {Jun Zhang and Sheng Yan and Dan Yuan and Gursel Alici and Nam-Trung Nguyen and Majid Ebrahimi Warkiani and Weihua Li},
  title = {Fundamentals and applications of inertial microfluidics: a review},
  journal = {Lab on a Chip}
}


@article{Christopher2007,
  %doi = {10.1088/0022-3727/40/19/r01},
  %url = {https://doi.org/10.1088/0022-3727/40/19/r01},
  year = {2007},
  %month = sep,
  %publisher = {{IOP} Publishing},
  %volume = {40},
  %number = {19},
  %pages = {R319--R336},
  author = {G F Christopher and S L Anna},
  title = {Microfluidic methods for generating continuous droplet streams},
  journal = {Journal of Physics D: Applied Physics}
}

@article{Peng2011,
 % doi = {10.1007/s10544-011-9526-6},
 % url = {https://doi.org/10.1007/s10544-011-9526-6},
  year = {2011},
 % month = apr,
  %publisher = {Springer Science and Business Media {LLC}},
  %volume = {13},
  %number = {3},
  %pages = {559--564},
  author = {Lu Peng and Min Yang and Shi-shang Guo and Wei Liu and Xing-zhong Zhao},
  title = {The effect of interfacial tension on droplet formation in flow-focusing microfluidic device},
  journal = {Biomedical Microdevices}
}

@article{Lee2021,
  %doi = {10.3390/mi12030272},
  %url = {https://doi.org/10.3390/mi12030272},
  year = {2021},
 % month = mar,
  %publisher = {{MDPI} {AG}},
  %volume = {12},
  %number = {3},
  %pages = {272},
  author = {Doojin Lee and Amy Q. Shen},
  title = {Interfacial tension measurements in microfluidic quasi-static extensional flows},
  journal = {Micromachines}
}

@article{Shui2009,
 % doi = {10.1039/b813724b},
 % url = {https://doi.org/10.1039/b813724b},
  year = {2009},
  %publisher = {Royal Society of Chemistry ({RSC})},
  %volume = {9},
  %number = {6},
  %pages = {795--801},
  author = {Lingling Shui and Albert van den Berg and Jan C. T. Eijkel},
  title = {Interfacial tension controlled W/O and O/W 2-phase flows in microchannel},
  journal = {Lab Chip}
}

@article{Baret2012,
  %doi = {10.1039/c1lc20582j},
  %url = {https://doi.org/10.1039/c1lc20582j},
  year = {2012},
  %publisher = {Royal Society of Chemistry ({RSC})},
  %volume = {12},
  %number = {3},
  %pages = {422--433},
  author = {Jean-Christophe Baret},
  title = {Surfactants in droplet-based microfluidics},
  journal = {Lab Chip}
}

@article{Kovalchuk2018,
  %doi = {10.1016/j.ces.2017.10.026},
  %url = {https://doi.org/10.1016/j.ces.2017.10.026},
  year = {2018},
  %month = feb,
  %publisher = {Elsevier {BV}},
  %volume = {176},
  %pages = {139--152},
  author = {Nina M. Kovalchuk and Evangelia Roumpea and Emilia Nowak and Maxime Chinaud and Panagiota Angeli and Mark J.H. Simmons},
  title = {Effect of surfactant on emulsification in microchannels},
  journal = {Chemical Engineering Science}
}

@article{Thorsen2001,
  %doi = {10.1103/physrevlett.86.4163},
  %url = {https://doi.org/10.1103/physrevlett.86.4163},
  year = {2001},
  %month = apr,
  %publisher = {American Physical Society ({APS})},
  %volume = {86},
  %number = {18},
  %pages = {4163--4166},
  author = {Todd Thorsen and Richard W. Roberts and Frances H. Arnold and Stephen R. Quake},
  title = {Dynamic pattern formation in a vesicle-generating microfluidic device},
  journal = {Physical Review Letters}
}

@article{Xu2020,
  %doi = {10.1038/s41598-020-61641-8},
  %url = {https://doi.org/10.1038/s41598-020-61641-8},
  year = {2020},
  %month = mar,
  %publisher = {Springer Science and Business Media {LLC}},
  %volume = {10},
  %number = {1},
  author = {Siyuan Xu and Takasi Nisisako},
  title = {Polymer capsules with tunable shell thickness synthesized via janus-to-core shell transition of biphasic droplets produced in a microfluidic flow-focusing device},
  journal = {Scientific Reports}
}

@article{rothmayerfundamentals,
  title={Fundamentals of fluid mechanics 7th Ed. Munson},
  author={Rothmayer, Munson Okiishi Huebsch}
}

@article{Cole2015,
  %doi = {10.3791/53516},
  %url = {https://doi.org/10.3791/53516},
  year = {2015},
  %month = dec,
  %publisher = {{MyJove} Corporation},
  %number = {106},
  author = {Russell H. Cole and Tuan M. Tran and Adam R. Abate},
  title = {Double emulsion generation using a polydimethylsiloxane ({PDMS}) co-axial flow focus device},
  journal = {Journal of Visualized Experiments}
}


%........................................................................
%Rheology citations:

@article{Cossa2019,
  %doi = {10.1007/s42452-019-1315-5},
  %url = {https://doi.org/10.1007/s42452-019-1315-5},
  year = {2019},
  %month = sep,
  %publisher = {Springer Science and Business Media {LLC}},
  %volume = {1},
  %number = {10},
  author = {K{\'{a}}tia Nelson Cossa},
  title = {Basic concepts on rheology and application of shear-thickening fluids in protective gear},
  journal = {{SN} Applied Sciences}
}

%-----------------

@incollection{PanahiReza2019ProteinHydrogels,
author = {Panahi, Reza and Baghban-Salehi, Mahsa},
booktitle = {Cellulose-Based Superabsorbent Hydrogels},
title = {Protein-based hydrogels},
%pages = {1561-1600},
%publisher = {Springer International Publishing},
%series = {Polymers and Polymeric Composites: A Reference Series},
year = {2019},
}

@article{Huerta-LópezCarla2021ProteinHydroTheSwiss,
author = {Huerta-López, Carla and Alegre-Cebollada, Jorge},
journal = {Nanomaterials (Basel, Switzerland)},
%number = {7},
title = {Protein hydrogels: The swiss army knife for enhanced mechanical and bioactive properties of biomaterials},
%publisher = {MDPI},
%volume = {11},
year = {2021},
}


%---------------------------------------------------------------------
@article{Park2013,
  author = {Kinam Park},
  title = {Facing the truth about nanotechnology in drug delivery},
  journal = {American Chemical Society (ACS)},
  %doi = {10.1021/nn404501g},
  %url = {https://doi.org/10.1021/nn404501g},
  year = {2013},
  %month = sep,
  %publisher = {American Chemical Society ({ACS})},
  %volume = {7},
  %number = {9},
  %pages = {7442--7447},
}

@article{samir2016,
  %doi = {10.1002/btm2.10003},
  %url = {https://doi.org/10.1002/btm2.10003},
  year = {2016},
  %month = mar,
  journal = {Wiley},
  %volume = {1},
  %number = {1},
  %pages = {10--29},
  author = {Aaron C. Anselmo and Samir Mitragotri},
  title = {Nanoparticles in the clinic}
}

@article{scott2009,
 % doi = {10.1002/wnan.6},
 % url = {https://doi.org/10.1002/wnan.6},
  year = {2009},
  %month = jan,
  journal = {Wiley},
  %volume = {1},
  %number = {3},
  %pages = {264--271},
  author = {Scott E. McNeil},
  title = {Nanoparticle therapeutics: a personal perspective}
}

@article{norbert2018,
  %doi = {10.1038/nrd.2017.243},
 % url = {https://doi.org/10.1038/nrd.2017.243},
  year = {2018},
%  month = jan,
  journal = {Springer Science and Business Media {LLC}},
  %volume = {17},
  %number = {4},
 % pages = {261--279},
  author = {Norbert Pardi and Michael J. Hogan and Frederick W. Porter and Drew Weissman},
  title = {{mRNA} vaccines {\textemdash} a new era in vaccinology}
}

@article{andreas2016,
 % doi = {10.4155/tde-2016-0006},
 % url = {https://doi.org/10.4155/tde-2016-0006},
  year = {2016},
 % month = may,
  journal = {Future Science Ltd},
  %volume = {7},
  %number = {5},
 % pages = {319--334},
  author = {Andreas M Reichmuth and Matthias A Oberli and Ana Jaklenec and Robert Langer and Daniel Blankschtein},
  title = {{mRNA} vaccine delivery using lipid nanoparticles}
}

@article{mrna_1_2020,
  %doi = {10.1056/nejmoa2022483},
  %url = {https://doi.org/10.1056/nejmoa2022483},
  year = {2020},
  %month = nov,
  journal = {Massachusetts Medical Society},
  %volume = {383},
 % number = {20},
 % pages = {1920--1931},
  author = {Lisa A. Jackson and Evan J. Anderson and Nadine G. Rouphael and Paul C. Roberts and Mamodikoe Makhene and Rhea N. Coler and Michele P. McCullough and James D. Chappell and Mark R. Denison and Laura J. Stevens and Andrea J. Pruijssers and Adrian McDermott and Britta Flach and Nicole A. Doria-Rose and Kizzmekia S. Corbett and Kaitlyn M. Morabito and Sijy O'Dell and Stephen D. Schmidt and Phillip A. Swanson and Marcelino Padilla and John R. Mascola and Kathleen M. Neuzil and Hamilton Bennett and Wellington Sun and Etza Peters and Mat Makowski and Jim Albert and Kaitlyn Cross and Wendy Buchanan and Rhonda Pikaart-Tautges and Julie E. Ledgerwood and Barney S. Graham and John H. Beigel},
  title = {An {mRNA} Vaccine against {SARS}-{CoV}-2 {\textemdash} Preliminary Report}
}

@article{mrna_2_2021,
  %doi = {10.1007/s13346-021-00911-y},
  %url = {https://doi.org/10.1007/s13346-021-00911-y},
  year = {2021},
  %month = jan,
  journal = {Springer Science and Business Media {LLC}},
  %volume = {11},
  %number = {4},
  %pages = {1309--1315},
  author = {Lara Milane and Mansoor Amiji},
  title = {Clinical approval of nanotechnology-based {SARS}-{CoV}-2 {mRNA} vaccines: impact on translational nanomedicine}
}

@article{mrna_3_2021,
  %doi = {10.1056/nejmoa2035389},
  %url = {https://doi.org/10.1056/nejmoa2035389},
  year = {2021},
  %month = feb,
  journal = {Massachusetts Medical Society},
  %volume = {384},
  %number = {5},
 % pages = {403--416},
  author = {Lindsey R. Baden and Hana M. El Sahly and Brandon Essink and Karen Kotloff and Sharon Frey and Rick Novak and David Diemert and Stephen A. Spector and Nadine Rouphael and C. Buddy Creech and John McGettigan and Shishir Khetan and Nathan Segall and Joel Solis and Adam Brosz and Carlos Fierro and Howard Schwartz and Kathleen Neuzil and Lawrence Corey and Peter Gilbert and Holly Janes and Dean Follmann and Mary Marovich and John Mascola and Laura Polakowski and Julie Ledgerwood and Barney S. Graham and Hamilton Bennett and Rolando Pajon and Conor Knightly and Brett Leav and Weiping Deng and Honghong Zhou and Shu Han and Melanie Ivarsson and Jacqueline Miller and Tal Zaks},
  title = {Efficacy and safety of the {mRNA}-1273 {SARS}-{CoV}-2 Vaccine}
}

@article{mrna_4_2020,
  %doi = {10.1056/nejmoa2034577},
  %url = {https://doi.org/10.1056/nejmoa2034577},
  year = {2020},
 % month = dec,
  journal = {Massachusetts Medical Society},
  %volume = {383},
  %number = {27},
 % pages = {2603--2615},
  author = {Fernando P. Polack and Stephen J. Thomas and Nicholas Kitchin and Judith Absalon and Alejandra Gurtman and Stephen Lockhart and John L. Perez and Gonzalo P{\'{e}}rez Marc and Edson D. Moreira and Cristiano Zerbini and Ruth Bailey and Kena A. Swanson and Satrajit Roychoudhury and Kenneth Koury and Ping Li and Warren V. Kalina and David Cooper and Robert W. Frenck and Laura L. Hammitt and \"{O}zlem T\"{u}reci and Haylene Nell and Axel Schaefer and Serhat \"{U}nal and Dina B. Tresnan and Susan Mather and Philip R. Dormitzer and U{\u{g}}ur {\c{S}}ahin and Kathrin U. Jansen and William C. Gruber},
  title = {Safety and efficacy of the {BNT}162b2 {mRNA} Covid-19 Vaccine}
}

@article{dahlman2017,
  %doi = {10.1073/pnas.1620874114},
 % url = {https://doi.org/10.1073/pnas.1620874114},
  year = {2017},
  %month = feb,
  journal = {Proceedings of the National Academy of Sciences},
  %volume = {114},
  %number = {8},
  %pages = {2060--2065},
  author = {James E. Dahlman and Kevin J. Kauffman and Yiping Xing and Taylor E. Shaw and Faryal F. Mir and Chloe C. Dlott and Robert Langer and Daniel G. Anderson and Eric T. Wang},
  title = {Barcoded nanoparticles for high throughput in vivo discovery of targeted therapeutics}
}

@article{mitchell2020,
  %doi = {10.1038/s41573-020-0090-8},
  %url = {https://doi.org/10.1038/s41573-020-0090-8},
  year = {2020},
  %month = dec,
  journal = {Springer Science and Business Media {LLC}},
  %volume = {20},
  %number = {2},
  %pages = {101--124},
  author = {Michael J. Mitchell and Margaret M. Billingsley and Rebecca M. Haley and Marissa E. Wechsler and Nicholas A. Peppas and Robert Langer},
  title = {Engineering precision nanoparticles for drug delivery}
}

@incollection{strambeanu2014,
  %doi = {10.1007/978-3-319-11728-7_1},
 % url = {https://doi.org/10.1007/978-3-319-11728-7_1},
  year = {2014},
 % month = sep,
  publisher = {Springer International Publishing},
  %pages = {3--8},
  author = {Nicolae Strambeanu and Laurentiu Demetrovici and Dan Dragos and Mihai Lungu},
  title = {Nanoparticles: definition,  classification and general physical properties}
}

@article{nitinreview,
author = {Pandhare, Siddhi and Harwalkar, Mallinath and Sawant, Gaurav and Mahale, Nitin},
year = {2015},
%month = {01},
%pages = {410},
title = {Review on: Nanoparticles as targeted drug delivery in cancer}
}

@article{xin2019,
  %doi = {10.1002/smll.201901943},
 % url = {https://doi.org/10.1002/smll.201901943},
  year = {2019},
 % month = jul,
  journal = {Wiley},
  %volume = {16},
  %number = {9},
 % pages = {1901943},
  author = {Xin Zhao and Feika Bian and Lingyu Sun and Lijun Cai and Ling Li and Yuanjin Zhao},
  title = {Microfluidic generation of nanomaterials for biomedical applications}
}

@article{lima2011,
  %doi = {10.1007/s11095-011-0380-2},
  %url = {https://doi.org/10.1007/s11095-011-0380-2},
  year = {2011},
  %month = feb,
  journal = {Springer Science and Business Media {LLC}},
  %volume = {28},
  %number = {6},
  %pages = {1294--1305},
  author = {Ana Catarina Lima and Wenlong Song and Barbara Blanco-Fernandez and Carmen Alvarez-Lorenzo and Jo{\~{a}}o F. Mano},
  title = {Synthesis of temperature-responsive dextran-{MA}/{PNIPAAm} particles for controlled drug delivery using superhydrophobic surfaces}
}

%----------Physics part of droplet-generations-----
% % This one is not published in any journals: H. Bruus, « Theorical microfluidics » lecture notes, DTU (Technical University of Denmark) Fall, 2006

@article{bruus2006,
    author    = {H. Bruus},
    title     = {Lecture notes: Theorical microfluidics},
    journal   = {DTU (Technical University of Denmark)},
    %volume   = {},
    %number   = {},
    %pages    = {},
    year      = {2006},
    %month    = {},
    %note     = {},
}

@article{MEF2021,
    author    = {M. Lotfizadeh, E. Shirani, F. Ghadiri},
    title     = {Parametric study of deformation and breakup of non-Newtonian droplet},
    journal   = {MedCrave: Aeronautics and Aerospace Open Access Journal},
    %volume   = {Volume 5 Issue 2},
    %number   = {},
    %pages    = {},
    year      = {2021},
    %month    = {},
    %note     = {},
}

@article{Seidler2017nativeProteinHydrogels,
    title = {Native protein hydrogels by dynamic boronic acid chemistry},
    journal = {Tetrahedron},
    %volume = {73},
    %number = {33},
    year = {2017},
    author = {Christiane Seidler and David Y.W. Ng and Tanja Weil}
}

@article{Jacob2018biopolymerBasedNano,
    title = {Biopolymer based nanomaterials in drug delivery systems: A review},
    journal = {Materials Today Chemistry},
    %volume = {9},
    year = {2018},
    author = {Joby Jacob and Józef T. Haponiuk and Sabu Thomas and Sreeraj Gopi}
}

@article{Couvreur1993NanoMicropartDelivery,
    title = {Nano- and microparticles for the delivery of polypeptides and proteins},
    journal = {Advanced Drug Delivery Reviews},
    %volume = {10},
    %number = {2},
    year = {1993},
    author = {P. Couvreur and F. Puisieux}
}